<record><leader>00000cas a22000007a 4500</leader><controlfield tag="001">25515405</controlfield><controlfield tag="008">920323c19889999aruwr ne      0    0eng d</controlfield><controlfield tag="009">8899</controlfield><datafield ind1=" " ind2=" " tag="010"><subfield code="a">sn 92050053 </subfield></datafield><datafield ind1=" " ind2=" " tag="040"><subfield code="a">ANU</subfield><subfield code="b">eng</subfield><subfield code="c">ANU</subfield><subfield code="d">OCLCQ</subfield></datafield><datafield ind1="1" ind2=" " tag="029"><subfield code="a">AU@</subfield><subfield code="b">000020712252</subfield></datafield><datafield ind1=" " ind2=" " tag="042"><subfield code="a">msc</subfield></datafield><datafield ind1="0" ind2="0" tag="245"><subfield code="a">Our neighborhood.</subfield></datafield><datafield ind1=" " ind2=" " tag="260"><subfield code="a">Little Rock, AR :</subfield><subfield code="b">People-NET Worldwide Information Resources</subfield></datafield><datafield ind1=" " ind2=" " tag="300"><subfield code="a">v.</subfield></datafield><datafield ind1=" " ind2=" " tag="310"><subfield code="a">Weekly,</subfield><subfield code="b">&lt;Nov. 15&gt;, 1989-</subfield></datafield><datafield ind1=" " ind2=" " tag="321"><subfield code="a">Biweekly,</subfield><subfield code="b">June 20, 1988-Mar. 20, 1989</subfield></datafield><datafield ind1=" " ind2=" " tag="321"><subfield code="a">Semimonthly,</subfield><subfield code="b">Apr. 3-&lt;Oct. 18&gt;, 1989</subfield></datafield><datafield ind1="0" ind2=" " tag="362"><subfield code="a">1st issue (June 20, 1988)-</subfield></datafield><datafield ind1=" " ind2="4" tag="651"><subfield code="a">Little Rock (Ark.)</subfield><subfield code="v">Newspapers.</subfield></datafield><datafield ind1=" " ind2=" " tag="752"><subfield code="a">United States</subfield><subfield code="b">Arkansas</subfield><subfield code="c">Pulaski</subfield><subfield code="d">Little Rock.</subfield></datafield></record>